% https://www.doi2bib.org/bib/10.3892/ol.2014.2820   the doi2bib website save my life.
% https://www.bibtex.com/c/isbn-to-bibtex-converter/  the ISBN to bib for book citation
% https://www.bibtex.com/c/pmid-to-bibtex-converter/ PMID to bib for some special cases
% ------------------------------------------------------------------------
% Chapter 1
% ------------------------------------------------------------------------
% section 1.1

@article{1_GCS2020,
  author  = {Sung, Hyuna and Ferlay, Jacques and Siegel, Rebecca L. and Laversanne, Mathieu and Soerjomataram, Isabelle and Jemal, Ahmedin and Bray, Freddie},
  title   = {Global Cancer Statistics 2020: GLOBOCAN Estimates of Incidence and Mortality Worldwide for 36 Cancers in 185 Countries},
  journal = {CA: A Cancer Journal for Clinicians},
  volume  = {71},
  number  = {3},
  pages   = {209-249},
  url     = {https://acsjournals.onlinelibrary.wiley.com/doi/abs/10.3322/caac.21660},
  eprint  = {https://acsjournals.onlinelibrary.wiley.com/doi/pdf/10.3322/caac.21660},
  year    = {2021}
}

% ------------------------------------------------------------------------

@article{2_CA,
  author   = {Siegel, Rebecca L. and Miller, Kimberly D. and Jemal, Ahmedin},
  title    = {Cancer statistics, 2019},
  journal  = {CA: A Cancer Journal for Clinicians},
  volume   = {69},
  number   = {1},
  pages    = {7-34},
  keywords = {cancer cases, cancer statistics, death rates, incidence, mortality},
  doi      = {https://doi.org/10.3322/caac.21551},
  url      = {https://acsjournals.onlinelibrary.wiley.com/doi/abs/10.3322/caac.21551},
  eprint   = {https://acsjournals.onlinelibrary.wiley.com/doi/pdf/10.3322/caac.21551},
  year     = {2019}
}

@article{3_PSM,
  title    = {Prognostic Tools in Patients With Advanced Cancer: A Systematic Review},
  journal  = {Journal of Pain and Symptom Management},
  volume   = {53},
  number   = {5},
  pages    = {962-970.e10},
  year     = {2017},
  issn     = {0885-3924},
  doi      = {https://doi.org/10.1016/j.jpainsymman.2016.12.330},
  url      = {https://www.sciencedirect.com/science/article/pii/S0885392416312313},
  author   = {Claribel P.L. Simmons and Donald C. McMillan and Kerry McWilliams and Tonje A. Sande and Kenneth C. Fearon and Sharon Tuck and Marie T. Fallon and Barry J. Laird},
  keywords = {Prognostic tools, cancer, review}
}

@article{4_HUANG2014,
  doi       = {10.3892/ol.2014.2820},
  url       = {https://doi.org/10.3892/ol.2014.2820},
  year      = {2014},
  month     = dec,
  publisher = {Spandidos Publications},
  volume    = {9},
  number    = {3},
  pages     = {1239--1243},
  author    = {Shigao Huang and Yazhaeng Dang and Fujun Li and Wei Wei and Yuxin Ma and Song Qiao and Qianyun Wang},
  title     = {Biological intensity-modulated radiotherapy plus neoadjuvant chemotherapy for multiple peritoneal metastases of ovarian cancer: A case report},
  journal   = {Oncology Letters}
}

@article{5_Huang2020,
  doi       = {10.2174/0929867326666190618161610},
  url       = {https://doi.org/10.2174/0929867326666190618161610},
  year      = {2020},
  month     = oct,
  publisher = {Bentham Science Publishers Ltd.},
  volume    = {27},
  number    = {34},
  pages     = {5716--5729},
  author    = {Shigao Huang and Qi Zhao},
  title     = {Nanomedicine-Combined Immunotherapy for Cancer},
  journal   = {Current Medicinal Chemistry}
}

@article{6_Huang2019,
  doi       = {10.1142/s1793545819410025},
  url       = {https://doi.org/10.1142/s1793545819410025},
  year      = {2019},
  month     = may,
  publisher = {World Scientific Pub Co Pte Lt},
  volume    = {12},
  number    = {03},
  pages     = {1941002},
  author    = {Shigao Huang and Chi Ian Fong and Mengze Xu and Bing-nan Han and Zhen Yuan and Qi Zhao},
  title     = {Nano-loaded natural killer cells as carriers of indocyanine green for synergetic cancer immunotherapy and phototherapy},
  journal   = {Journal of Innovative Optical Health Sciences}
}

% section 1.2------------------------------------------------------------------------